@book{ book_bperbs,
    author  = "Arne Lakså",
    title   = "Basic properties of Expo-Rational B-splines and practical use in Computer Aided Geometric Design",
    journal = "",
    year    = "2007",
}

@article{ art_gmbf,
    author  = "Arne Lakså, Børre Bang, Lubomir T. Dechevsky",
    title   = "GEOMETRIC MODELLING WITH BETA-FUNCTION B-SPLINES, I: PARAMETRIC CURVES",
    journal = "International Journal of Pure and Applied Mathematics",
    volume  = "65",
    year    = "2010",
}